<?xml version="1.0" encoding="UTF-8"?>
<record xmlns="http://www.loc.gov/MARC21/slim">
   <leader>00979cam a2200253 a 4500</leader>
   <controlfield tag="001">2763160</controlfield>
   <controlfield tag="003">NjP</controlfield>
   <controlfield tag="005">20171010174312.0</controlfield>
   <controlfield tag="008">890925s1963    sy       b    000 0 arard</controlfield>
   <datafield tag="024" ind1="7" ind2=" ">
      <subfield code="a">princeton_aco003330</subfield>
      <subfield code="2">local</subfield>
   </datafield>
   <datafield ind1=" " ind2=" " tag="010">
      <subfield code="a">ne 67000242  </subfield>
   </datafield>
   <datafield ind1=" " ind2=" " tag="035">
      <subfield code="a">(OCoLC)ocm23518839</subfield>
   </datafield>
   <datafield ind1=" " ind2=" " tag="035">
      <subfield code="9">CNF8215TS</subfield>
   </datafield>
   <datafield ind1=" " ind2=" " tag="040">
      <subfield code="a">EYM</subfield>
      <subfield code="c">EYM</subfield>
      <subfield code="d">OSU</subfield>
      <subfield code="d">PUL</subfield>
   </datafield>
   <datafield ind1=" " ind2="4" tag="050">
      <subfield code="a">BP 179</subfield>
      <subfield code="b">.N25</subfield>
   </datafield>
   <datafield ind1="1" ind2=" " tag="100">
      <subfield code="a">Nasīmī, Maḥmūd Nāẓim.</subfield>
   </datafield>
   <datafield ind1="1" ind2="3" tag="245">
      <subfield code="a">al-Ṣiyām bayna al-ṭibb wa-al-Islām /</subfield>
      <subfield code="c">Maḥmūd Nāẓim al-Nasīmī.</subfield>
   </datafield>
   <datafield ind1=" " ind2=" " tag="250">
      <subfield code="a">[al-Ṭabʻah 1]</subfield>
   </datafield>
   <datafield ind1=" " ind2=" " tag="260">
      <subfield code="a">[Aleppo] :</subfield>
      <subfield code="b">al-Lajnah al-ʻIlmīyah li-Niqābat Aṭibbāʾ Ḥalab,</subfield>
      <subfield code="c">[1963]</subfield>
   </datafield>
   <datafield ind1=" " ind2=" " tag="300">
      <subfield code="a">80 p. ;</subfield>
      <subfield code="c">20 cm.</subfield>
   </datafield>
   <datafield ind1=" " ind2=" " tag="504">
      <subfield code="a">Includes bibliographical references (p. 77)</subfield>
   </datafield>
   <datafield ind1=" " ind2="0" tag="650">
      <subfield code="a">Fasting</subfield>
      <subfield code="x">Religious aspects</subfield>
      <subfield code="x">Islam</subfield>
      <subfield code="0">http://id.loc.gov/authorities/subjects/sh85047408</subfield>
   </datafield>
   <datafield ind1=" " ind2="0" tag="650">
      <subfield code="a">Ramadan.</subfield>
      <subfield code="0">http://id.loc.gov/authorities/subjects/sh85111271</subfield>
   </datafield>
   <datafield ind1=" " ind2=" " tag="945">
      <subfield code="a">F</subfield>
      <subfield code="b">1</subfield>
      <subfield code="c">2272.70141 N 3.386</subfield>
   </datafield>
   <datafield ind1=" " ind2=" " tag="911">
      <subfield code="a">20000130</subfield>
   </datafield>
   <datafield ind1="0" ind2="0" tag="852">
      <subfield code="0">3073943</subfield>
      <subfield code="b">rcppa</subfield>
      <subfield code="t">1</subfield>
      <subfield code="h">BP179</subfield>
      <subfield code="i">.N375 1963</subfield>
      <subfield code="x">tr fr nec</subfield>
   </datafield>
   <datafield ind1=" " ind2=" " tag="959">
      <subfield code="a">2009-07-01 09:20:33 -0400</subfield>
   </datafield>
</record>
